%% Importare il formato Bibtext dai vari siti:
%% https://dblp.uni-trier.de/ ... per sicurezza
%%

%https://dblp.uni-trier.de/rec/bibtex/conf/nato/Dijkstra96d


@inproceedings{DBLP:conf/nato/Dijkstra96d,
  author    = {Edsger W. Dijkstra},
  title     = {A bagatelle on Euclid's algorithm},
  booktitle = {Proceedings of the {NATO} Advanced Study Institute on Deductive Program
               Design, Marktoberdorf, Germany},
  pages     = {21--23},
  year      = {1996},
  crossref  = {DBLP:conf/nato/1996},
  timestamp = {Tue, 14 Nov 2006 16:17:55 +0100},
  biburl    = {https://dblp.org/rec/bib/conf/nato/Dijkstra96d},
  bibsource = {dblp computer science bibliography, https://dblp.org}
}

@proceedings{DBLP:conf/nato/1996,
  editor    = {Manfred Broy},
  title     = {Proceedings of the {NATO} Advanced Study Institute on Deductive Program
               Design, Marktoberdorf, Germany},
  year      = {1996},
  isbn      = {3-540-60947-4},
  timestamp = {Tue, 14 Nov 2006 16:17:55 +0100},
  biburl    = {https://dblp.org/rec/bib/conf/nato/1996},
  bibsource = {dblp computer science bibliography, https://dblp.org}
}

@misc{enwiki:1076823321,
    author = "{Wikipedia contributors}",
    title = "Code signing --- {Wikipedia}{,} The Free Encyclopedia",
    year = "2022",
    howpublished = "\url{https://en.wikipedia.org/w/index.php?title=Code_signing&oldid=1076823321}"
 }
 
 @misc{ itwiki:125849812,
   author = "Wikipedia",
   title = "Linguaggio assembly --- Wikipedia{,} L'enciclopedia libera",
   year = "2022",
   url = "http://it.wikipedia.org/w/index.php?title=Linguaggio_assembly&oldid=125849812"
 }
 
 @misc{ enwiki:1079234448,
    author = "{Wikipedia contributors}",
    title = "Executable space protection --- {Wikipedia}{,} The Free Encyclopedia",
    year = "2022",
    howpublished = "\url{https://en.wikipedia.org/w/index.php?title=Executable_space_protection&oldid=1079234448}"
 }
 
 @book{comp_sec_principles,
  author = {William Stallings, Lawrie Brown},
  year = {2018},
  title = {Computer Security: Principles and Practice},
  publisher = {Pearson Education Limited},
  edition = {4}
}

 @misc{ itwiki:126467077,
   author = "Wikipedia",
   title = "Lista concatenata --- Wikipedia{,} L'enciclopedia libera",
   year = "2022",
   url = "http://it.wikipedia.org/w/index.php?title=Lista_concatenata&oldid=126467077"
 }
 

 @book{secure_coding_c,
  author = {Robert Seacord},
  year = {2013},
  title = {Secure Coding in C and C++},
  series = {SEI Series in Software Engineering Paperback},
  publisher = {Addison-Wesley Professional},
  edition = {2},
  isbn = {9780321822130}
}