%% Importare il formato Bibtext dai vari siti:
%% https://dblp.uni-trier.de/ ... per sicurezza
%%

%https://dblp.uni-trier.de/rec/bibtex/conf/nato/Dijkstra96d


@inproceedings{DBLP:conf/nato/Dijkstra96d,
  author    = {Edsger W. Dijkstra},
  title     = {A bagatelle on Euclid's algorithm},
  booktitle = {Proceedings of the {NATO} Advanced Study Institute on Deductive Program
               Design, Marktoberdorf, Germany},
  pages     = {21--23},
  year      = {1996},
  crossref  = {DBLP:conf/nato/1996},
  timestamp = {Tue, 14 Nov 2006 16:17:55 +0100},
  biburl    = {https://dblp.org/rec/bib/conf/nato/Dijkstra96d},
  bibsource = {dblp computer science bibliography, https://dblp.org}
}
@proceedings{DBLP:conf/nato/1996,
  editor    = {Manfred Broy},
  title     = {Proceedings of the {NATO} Advanced Study Institute on Deductive Program
               Design, Marktoberdorf, Germany},
  year      = {1996},
  isbn      = {3-540-60947-4},
  timestamp = {Tue, 14 Nov 2006 16:17:55 +0100},
  biburl    = {https://dblp.org/rec/bib/conf/nato/1996},
  bibsource = {dblp computer science bibliography, https://dblp.org}
}

@misc{incident-response,
   author =  {Sepe, Luca},
   title = {Incident response, cos’è e come funziona passo per passo: ecco cosa fare},
   editor = {Cybersecurity360},
   month = {Ottobre},
   year =  {2020},
   url = {https://www.cybersecurity360.it/soluzioni-aziendali/incident-response-cose-e-come-funziona-passo-per-passo-ecco-cosa-fare/},
 }

@misc{incident-response-immagine,
   author = {Gillis, Alexander S.},
   title = {IT incident management},
   editor = {TechTarger.com},
   url = {https://www.techtarget.com/searchitoperations/definition/IT-incident-management},
 }

 @misc{hash-informatica-forense,
   editor = {InformaticaGiudiziaria},
   url = {https://www.informaticagiudiziaria.it/informatica_forense/hash.htm},
 }